@book{evansPartialDifferentialEquations2022,
  title = {Partial {{Differential Equations}}},
  author = {Evans, Lawrence C.},
  year = {2022},
  month = mar,
  publisher = {{American Mathematical Society}},
  googlebooks = {Ott1EAAAQBAJ},
  isbn = {978-1-4704-6942-9},
  langid = {english},
  keywords = {Mathematics / General}
}

@book{chungSpectralGraphTheory,
  title = {Spectral {{Graph Theory}}},
  author = {Chung, Fan R. K.},
  publisher = {{American Mathematical Soc.}},
  googlebooks = {YUc38\_MCuhAC},
  isbn = {978-0-8218-8936-7},
  langid = {english},
  keywords = {Mathematics / Reference}
}

@book{rosenbergLaplacianRiemannianManifold1997,
  title = {The {{Laplacian}} on a {{Riemannian Manifold}}: {{An Introduction}} to {{Analysis}} on {{Manifolds}}},
  shorttitle = {The {{Laplacian}} on a {{Riemannian Manifold}}},
  author = {Rosenberg, Steven},
  year = {1997},
  series = {London {{Mathematical Society Student Texts}}},
  publisher = {{Cambridge University Press}},
  address = {{Cambridge}},
  doi = {10.1017/CBO9780511623783},
  urldate = {2023-09-22},
  isbn = {978-0-521-46300-3},
  file = {/Users/orecchia/Box/root/zotero/Rosenberg - 1997 - The Laplacian on a Riemannian Manifold An Introdu.pdf}
}

@inproceedings{spielmanSpectralGraphTheory2007,
  title = {Spectral {{Graph Theory}} and Its {{Applications}}},
  booktitle = {48th {{Annual IEEE Symposium}} on {{Foundations}} of {{Computer Science}} ({{FOCS}}'07)},
  author = {Spielman, Daniel A.},
  year = {2007},
  month = oct,
  pages = {29--38},
  issn = {0272-5428},
  doi = {10.1109/FOCS.2007.56},
  urldate = {2023-10-12},
  file = {/Users/orecchia/Zotero/storage/AHZMML3S/Spielman - 2007 - Spectral Graph Theory and its Applications.pdf}
}
